<record xmlns="http://www.loc.gov/MARC21/slim" xmlns:xsi="http://www.w3.org/2001/XMLSchema-instance" xsi:schemaLocation="http://www.loc.gov/MARC21/slim http://www.loc.gov/standards/marcxml/schema/MARC21slim.xsd"><leader>     nam a22        4500</leader><controlfield tag="001">002177857</controlfield><controlfield tag="003">NNU</controlfield><controlfield tag="006">m        d        </controlfield><controlfield tag="007">cr cn |||m|||a</controlfield><controlfield tag="008">150313q19601969ir      ob    000 0 ara d</controlfield><datafield ind1=" " ind2=" " tag="040"><subfield code="a">NNU</subfield><subfield code="b">eng</subfield><subfield code="c">NNU</subfield></datafield><datafield ind1=" " ind2=" " tag="066"><subfield code="c">(3</subfield></datafield><datafield ind1=" " ind2=" " tag="090"><subfield code="a">BP136.8</subfield><subfield code="b">.S65 1960z</subfield></datafield><datafield ind1="1" ind2=" " tag="100"><subfield code="6">880-01</subfield><subfield code="a">Shubbar, &#699;Abd All&#257;h ibn Mu&#7717;ammad Ri&#7693;&#257;,</subfield><subfield code="d">1774 or 5-1826 or 7</subfield></datafield><datafield ind1="1" ind2="0" tag="245"><subfield code="6">880-02</subfield><subfield code="a">Ma&#7779;&#257;b&#299;&#7717; al-anw&#257;r f&#299; &#7717;all mushkil&#257;t al-akhb&#257;r</subfield><subfield code="h">[electronic resource] /</subfield><subfield code="c">li-&#699;Abd All&#257;h Shubbar ; ta&#7779;add&#225; li-ta&#7717;q&#299;qihi wa-al-ta&#699;l&#299;q &#699;alayhi &#699;Al&#299; Mu&#7717;ammad &#699;Al&#299; &#7716;usayn.</subfield></datafield><datafield ind1=" " ind2=" " tag="260"><subfield code="6">880-03</subfield><subfield code="a">Qum [Iran] :</subfield><subfield code="b">Kit&#257;bfur&#363;sh&#299;-i Ba&#7779;&#299;rat&#299;,</subfield><subfield code="c">[196-]</subfield></datafield><datafield ind1=" " ind2=" " tag="300"><subfield code="a">online resource (2 v.)</subfield></datafield><datafield ind1=" " ind2=" " tag="500"><subfield code="a">Part of the Arabic Collections Online (ACO) project, contributed by New York Univeristy Libraries.</subfield></datafield><datafield ind1=" " ind2=" " tag="504"><subfield code="a">Includes bibliographical references.</subfield></datafield><datafield ind1=" " ind2=" " tag="533"><subfield code="a">Electronic reproduction.</subfield><subfield code="b">New York, N.Y. :</subfield><subfield code="c">New York University,</subfield><subfield code="d">2015.</subfield><subfield code="5">NNU</subfield></datafield><datafield ind1=" " ind2="0" tag="650"><subfield code="a">Hadith</subfield><subfield code="x">Criticism, interpretation, etc.</subfield></datafield><datafield ind1="1" ind2=" " tag="700"><subfield code="6">880-04</subfield><subfield code="a">Shubbar, &#699;Al&#299;</subfield></datafield><datafield ind1="2" ind2=" " tag="710"><subfield code="a">New York University.</subfield><subfield code="b">Libraries.</subfield></datafield><datafield ind1="0" ind2=" " tag="730"><subfield code="a">Arabic Collections Online.</subfield></datafield><datafield ind1="0" ind2="8" tag="776"><subfield code="i">Print version:</subfield><subfield code="a">Shubbar, &#699;Abd All&#257;h ibn Mu&#7717;ammad Ri&#7693;&#257;, 1774 or 5-1826 or 7 880-01</subfield><subfield code="t">Ma&#7779;&#257;b&#299;&#7717; al-anw&#257;r f&#299; &#7717;all mushkil&#257;t al-akhb&#257;r</subfield><subfield code="w">(NNU)002177857</subfield></datafield><datafield ind1="4" ind2="0" tag="856"><subfield code="u">http://hdl.handle.net/2333.1/fbg79g17</subfield></datafield><datafield ind1="0" ind2=" " tag="880"><subfield code="6">100-01/</subfield><subfield code="a">&#1593;&#1576;&#1583; &#1575;&#1604;&#1604;&#1607; &#1588;&#1576;&#1585;.</subfield></datafield><datafield ind1="1" ind2="0" tag="880"><subfield code="6">245-02/</subfield><subfield code="a">&#1605;&#1589;&#1575;&#1576;&#1610;&#1581; &#1575;&#1604;&#1571;&#1606;&#1608;&#1575;&#1585; &#1601;&#1609; &#1581;&#1604; &#1605;&#1588;&#1603;&#1604;&#1575;&#1578; &#1575;&#1604;&#1571;&#1582;&#1576;&#1575;&#1585; /</subfield><subfield code="c">&#1604;&#1593;&#1576;&#1583; &#1575;&#1604;&#1604;&#1607; &#1588;&#1576;&#1585; &#1563; &#1578;&#1589;&#1583;&#1609; &#1604;&#1578;&#1581;&#1602;&#1610;&#1602;&#1607; &#1608;&#1575;&#1604;&#1578;&#1593;&#1604;&#1610;&#1602; &#1593;&#1604;&#1610;&#1607; &#1593;&#1604;&#1609; &#1605;&#1581;&#1605;&#1583; &#1593;&#1604;&#1609; &#1581;&#1587;&#1610;&#1606;.</subfield></datafield><datafield ind1=" " ind2=" " tag="880"><subfield code="6">260-03/</subfield><subfield code="a">&#1602;&#1605; [Iran] :</subfield><subfield code="b">&#1603;&#1578;&#1575;&#1576;&#1601;&#1585;&#1608;&#1588; &#1576;&#1589;&#1610;&#1585;&#1578;&#1609;&#1548;</subfield><subfield code="c">[196-]</subfield></datafield><datafield ind1="0" ind2=" " tag="880"><subfield code="6">700-04/</subfield><subfield code="a">&#1593;&#1604;&#1609; &#1588;&#1576;&#1585;.</subfield></datafield><datafield ind1=" " ind2=" " tag="959"><subfield code="a">NNU</subfield><subfield code="b">WEB</subfield><subfield code="c">GENI</subfield><subfield code="t">0</subfield><subfield code="m">Electronic access</subfield><subfield code="s">01</subfield></datafield><datafield ind1=" " ind2=" " tag="999"><subfield code="i">NNU_002177857</subfield><subfield code="s">nyu_aco000455:v.1</subfield><subfield code="s">nyu_aco000456:v.2</subfield></datafield></record>